@book{dodelson,
  added-at = {2010-07-23T07:14:55.000+0200},
  author = {Dodelson, Scott},
  biburl = {https://www.bibsonomy.org/bibtex/22a950650d49f9c18aced086d2231d499/richterek},
  interhash = {e095f9bf6f73c69a987116a888add404},
  intrahash = {2a950650d49f9c18aced086d2231d499},
  keywords = {astrophysics},
  mendeley-tags = {astrophysics},
  publisher = {Academic Press, Elsevier Science},
  timestamp = {2010-07-23T07:14:58.000+0200},
  title = {{Modern Cosmology}},
  type = {Book},
  year = 2003
}

@article{pospelov,
  author = {{Pospelov}, M. and {Pradler}, J.},
  title = "{Big Bang Nucleosynthesis as a Probe of New Physics}",
  journal = {Annual Review of Nuclear and Particle Science},
  archivePrefix = "arXiv",
  eprint = {1011.1054},
  primaryClass = "hep-ph",
  year = 2010,
  month = nov,
  volume = 60,
  pages = {539-568},
  doi = {10.1146/annurev.nucl.012809.104521},
  adsurl = {http://adsabs.harvard.edu/abs/2010ARNPS..60..539P},
  adsnote = {Provided by the SAO/NASA Astrophysics Data System}
}

@article{fields,
  author = {{Fields}, B.~D.},
  title = "{The Primordial Lithium Problem}",
  journal = {Annual Review of Nuclear and Particle Science},
  archivePrefix = "arXiv",
  eprint = {1203.3551},
  primaryClass = "astro-ph.CO",
  year = 2011,
  month = nov,
  volume = 61,
  pages = {47-68},
  doi = {10.1146/annurev-nucl-102010-130445},
  adsurl = {http://adsabs.harvard.edu/abs/2011ARNPS..61...47F},
  adsnote = {Provided by the SAO/NASA Astrophysics Data System}
}

@article{rgb,
  author = {{Mucciarelli}, A. and {Salaris}, M. and {Bonifacio}, P.},
  title = "{Giants reveal what dwarfs conceal: Li abundance in lower red giant branch stars as diagnostic of the primordial Li}",
  journal = {Monthly Notices of the Royal Astronomical Society},
  archivePrefix = "arXiv",
  eprint = {1109.4589},
  primaryClass = "astro-ph.SR",
  keywords = {stars: abundances, stars: evolution, stars: Population II, globular clusters: individual: M4, globular clusters: individual: NGC 6397, globular clusters: individual: NGC 6752},
  year = 2012,
  month = jan,
  volume = 419,
  pages = {2195-2205},
  doi = {10.1111/j.1365-2966.2011.19870.x},
  adsurl = {http://adsabs.harvard.edu/abs/2012MNRAS.419.2195M},
  adsnote = {Provided by the SAO/NASA Astrophysics Data System}
}

@article{void,
  author = {{Regis}, M. and {Clarkson}, C.},
  title = "{Do primordial lithium abundances imply there's no dark energy?}",
  journal = {General Relativity and Gravitation},
  archivePrefix = "arXiv",
  eprint = {1003.1043},
  primaryClass = "astro-ph.CO",
  keywords = {Big bang nucleosynthesis, Cosmology, Dark energy, Inhomogeneous cosmological models},
  year = 2012,
  month = mar,
  volume = 44,
  pages = {567-579},
  doi = {10.1007/s10714-011-1322-3},
  adsurl = {http://adsabs.harvard.edu/abs/2012GReGr..44..567R},
  adsnote = {Provided by the SAO/NASA Astrophysics Data System}
}

@article{holder,
  author = {{Holder}, G.~P. and {Nollett}, K.~M. and {van Engelen}, A.},
  title = "{On Possible Variation in the Cosmological Baryon Fraction}",
  journal = {The Astrophysical Journal},
  archivePrefix = "arXiv",
  eprint = {0907.3919},
  keywords = {cosmological parameters, cosmology: miscellaneous, galaxies: abundances, galaxies: clusters: general, large-scale structure of universe},
  year = 2010,
  month = jun,
  volume = 716,
  pages = {907-913},
  doi = {10.1088/0004-637X/716/2/907},
  adsurl = {http://adsabs.harvard.edu/abs/2010ApJ...716..907H},
  adsnote = {Provided by the SAO/NASA Astrophysics Data System}
}
